@misc{ wiki:mle,
	author = "{Wikipedia contributors}",
	title = "Maximum likelihood estimation --- {Wikipedia}{,} The Free Encyclopedia",
	year = "2019",
	howpublished = "\url{https://en.wikipedia.org/wiki/Maximum_likelihood_estimation}",
	note = "[Online; accessed 17-April-2019]"
}


@misc{wiki:gamma,
	author = "{Wikipedia contributors}",
	title = "Gamma distribution --- {Wikipedia}{,} The Free Encyclopedia",
	year = "2019",
	howpublished = "\url{https://en.wikipedia.org/wiki/Gamma_distribution}",
	note = "[Online; accessed 17-April-2019]"
}


@misc{ wiki:charfun,
	author = "{Wikipedia contributors}",
	title = "Characteristic function (probability theory) --- {Wikipedia}{,} The Free Encyclopedia",
	year = "2019",
	howpublished = "\url{https://en.wikipedia.org/wiki/Characteristic_function_(probability_theory)}",
	note = "[Online; accessed 17-April-2019]"
}


@misc{ wiki:hadamard,
	author = "{Wikipedia contributors}",
	title = "Hadamard product (matrices) --- {Wikipedia}{,} The Free Encyclopedia",
	year = "2019",
	howpublished = "\url{https://en.wikipedia.org/wiki/Hadamard_product_(matrices)#Analogous_operations}",
	note = "[Online; accessed 17-April-2019]"
}


@misc{ minka:gamma,
	author = "{Thomas P. Minka}",
	title = "Estimating a Gamma distribution",
	year = "2002",
	howpublished = "\url{https://tminka.github.io/papers/minka-gamma.pdf}",
	note = "[Online; accessed 17-April-2019]"
}


@misc{ wolf:dig,
	author = "{Eric W. Weisstein}",
	title = "Digamma Function",
	howpublished = "From MathWorld--A Wolfram Web Resource. \url{http://mathworld.wolfram.com/DigammaFunction.html}",
	note = "[Online; accessed 17-April-2019]"
}


@misc{ wolf:trig,
	author = "{Eric W. Weisstein}",
	title = "Trigamma Function",
	howpublished = "From MathWorld--A Wolfram Web Resource. \url{http://mathworld.wolfram.com/TrigammaFunction.html}",
	note = "[Online; accessed 17-April-2019]"
}


@Article{huth:sim,
	author = 	 {A. Huth and C. Wissel},
	title = 	 {The Simulation of the Movement of Fish Schools},
	journal = 	 {Journal of Theoretical Biology},
	year = 	 1992,
	volume =	 156,
	numer = 	1,
	pages =	 {365--385}
}


@article{DunningHuchetteLubin2017,
	author = {Iain Dunning and Joey Huchette and Miles Lubin},
	title = {JuMP: A Modeling Language for Mathematical Optimization},
	journal = {SIAM Review},
	volume = {59},
	number = {2},
	pages = {295--320},
	year = {2017},
	doi = {10.1137/15M1020575},
}